@misc{laitinen2024invitationadaptivemarkovchain,
      title={An invitation to adaptive Markov chain Monte Carlo convergence theory}, 
      author={Pietari Laitinen and Matti Vihola},
      year={2024},
      eprint={2408.14903},
      archivePrefix={arXiv},
      primaryClass={math.PR},
      url={https://arxiv.org/abs/2408.14903}, 
}

@misc{hofstadler2024sureconvergenceratesadaptive,
      title={Almost sure convergence rates of adaptive increasingly rare Markov chain Monte Carlo}, 
      author={Julian Hofstadler and Krzysztof Latuszynski and Gareth O. Roberts and Daniel Rudolf},
      year={2024},
      eprint={2402.12122},
      archivePrefix={arXiv},
      primaryClass={math.NA},
      url={https://arxiv.org/abs/2402.12122}, 
}

@misc{rudolf2017perturbationtheorymarkovchains,
      title={Perturbation theory for Markov chains via Wasserstein distance}, 
      author={Daniel Rudolf and Nikolaus Schweizer},
      year={2017},
      eprint={1503.04123},
      archivePrefix={arXiv},
      primaryClass={stat.CO},
      url={https://arxiv.org/abs/1503.04123}, 
}

@book{douc2018markov,
    title={Markov chains},
    author={Douc, Randal and Moulines, Eric and Priouret, Pierre and Soulier, Philippe},
    year={2018},
    publisher={Springer},
    series={Operations Research and Financial Engineering},
    address={Cham, Switzerland},
}

@book{kallenberg2021foundations,
  title={Foundations of modern probability},
  author={Kallenberg, Olav},
  publisher={Springer},
  series={Probability Theory and Stochastic Modelling},
  edition={3},
  year={2021},
  address={Cham, Switzerland},
}


@article{joulin2010curvature,
   title={Curvature, concentration and error estimates for Markov chain Monte Carlo},
   volume={38},
   ISSN={0091-1798},
   url={http://dx.doi.org/10.1214/10-AOP541},
   DOI={10.1214/10-aop541},
   number={6},
   journal={The Annals of Probability},
   publisher={Institute of Mathematical Statistics},
   author={Joulin, Aldéric and Ollivier, Yann},
   year={2010} 
}

@misc{chimisov2018airmarkovchainmonte,
      title={Air Markov Chain Monte Carlo}, 
      author={Cyril Chimisov and Krzysztof Latuszynski and Gareth Roberts},
      year={2018},
      eprint={1801.09309},
      archivePrefix={arXiv},
      primaryClass={stat.CO},
      url={https://arxiv.org/abs/1801.09309}, 
}

@article{haario2001adaptive,
  title={An adaptive Metropolis algorithm},
  author={Haario, Heikki and Saksman, Eero and Tamminen, Johanna},
  year={2001}
}

@misc{magnusson2024posteriordbtestingbenchmarkingdeveloping,
      title={posteriordb: Testing, Benchmarking and Developing Bayesian Inference Algorithms}, 
      author={Måns Magnusson and Jakob Torgander and Paul-Christian Bürkner and Lu Zhang and Bob Carpenter and Aki Vehtari},
      year={2024},
      eprint={2407.04967},
      archivePrefix={arXiv},
      primaryClass={stat.CO},
      url={https://arxiv.org/abs/2407.04967}, 
}